@book{alice,
  author    = {Serge Abiteboul and
               Richard Hull and
               Victor Vianu},
  title     = {Foundations of Databases},
  publisher = {Addison-Wesley},
  year      = {1995},
  url       = {http://webdam.inria.fr/Alice/},
  isbn      = {0-201-53771-0},
  timestamp = {Sat, 11 Nov 2017 21:53:30 +0100},
  biburl    = {https://dblp.org/rec/bib/books/aw/AbiteboulHV95},
  bibsource = {dblp computer science bibliography, https://dblp.org}
}